@inproceedings{abadi2016tensorflow,
  title={Tensorflow: A system for large-scale machine learning},
  author={Abadi, M. and Barham, P. and Chen, J. and Chen, Z. and Davis, A. and Dean, J. and Devin, M. and Ghemawat, S. and Irving, G. and Isard, M. and others},
  booktitle={12th {USENIX} Symposium on Operating Systems Design and Implementation ({OSDI} 16)},
  pages={265--283},
  year={2016}
}

@article{abbassi2017skin,
  title={Skin-friction drag reduction in a high-{R}eynolds-number turbulent boundary layer via real-time control of large-scale structures},
  author={Abbassi, MR and Baars, WJ and Hutchins, N and Marusic, I},
  journal={Int. J. Heat Fluid Fl.},
  volume={67},
  pages={30--41},
  year={2017},
  publisher={Elsevier}
}

@article{adrian1979conditional,
  title={Conditional eddies in isotropic turbulence},
  author={Adrian, Ronald J},
  journal={Phys. Fluids},
  volume={22},
  number={11},
  pages={2065--2070},
  year={1979},
  publisher={American Institute of Physics}
}

@article{adrian1988stochastic,
  title={Stochastic estimation of organized turbulent structure: Homogeneous shear flow},
  author={Adrian, R.},
  year={1988},
  volume={190},
  pages={531--559},
  journal={J. Fluid Mech.},
  publisher={Cambridge University Press},
}

@article{adrian1991particle,
  title={Particle-imaging techniques for experimental fluid mechanics},
  author={Adrian, Ronald J},
  journal={Annu. Rev. Fluid Mech.},
  volume={23},
  number={1},
  pages={261--304},
  year={1991},
  publisher={Annual Reviews 4139 El Camino Way, PO Box 10139, Palo Alto, CA 94303-0139, USA}
}

@incollection{adrian1996stochastic,
  title={Stochastic estimation of the structure of turbulent fields},
  author={Adrian, Ronald J},
  booktitle={Eddy structure identification},
  pages={145--195},
  year={1996},
  publisher={Springer}
}

@article{adrian2000vortex,
  title={Vortex organization in the outer region of the turbulent boundary layer},
  author={Adrian, Ronald J and Meinhart, Carl D and Tomkins, Christopher D},
  journal={J. Fluid Mech.},
  volume={422},
  pages={1--54},
  year={2000},
  publisher={Cambridge University Press}
}

@article{algazi1969optimality,
  title={On the optimality of the {K}arhunen-{L}o{\`e}ve expansion},
  author={Algazi, Vidal and Sakrison, David},
  journal={IEEE Trans. Inform. Theory},
  volume={15},
  number={2},
  pages={319--321},
  year={1969},
  publisher={IEEE}
}

@article{andrews1967adaptive,
  title={Adaptive data compression},
  author={Andrews, CA and Davies, JM and Schwarz, GR},
  journal={Proc. IEEE},
  volume={55},
  number={3},
  pages={267--277},
  year={1967}
}

@article{baars2014proper,
  title={Proper orthogonal decomposition-based spectral higher-order stochastic estimation},
  author={Baars, W. J. and Tinney, C. E.},
  journal={Phys. Fluids},
  volume={26},
  number={5},
  pages={055112},
  year={2014},
  publisher={American Institute of Physics}
}

@article{baars2016spectral,
  title={Spectral stochastic estimation of high-{R}eynolds-number wall-bounded turbulence for a refined inner-outer interaction model},
  author={Baars, Woutijn J and Hutchins, Nicholas and Marusic, Ivan},
  journal={Phys. Rev. Fluids},
  volume={1},
  number={5},
  pages={054406},
  year={2016},
  publisher={APS}
}

@article{bai2014active,
  title={Active control of a turbulent boundary layer based on local surface perturbation},
  author={Bai, HL and Zhou, Y and Zhang, WG and Xu, SJ and Wang, Y and Antonia, RA},
  journal={J. Fluid Mech.},
  volume={750},
  pages={316--354},
  year={2014},
  publisher={Cambridge University Press}
}

@article{bailey2014estimating,
  title={Estimating the value of von {K}{\'a}rm{\'a}n's constant in turbulent pipe flow},
  author={Bailey, Sean CC and Vallikivi, Margit and Hultmark, Marcus and Smits, AJ},
  journal={J. Fluid Mech.},
  volume={749},
  pages={79},
  year={2014},
  publisher={Cambridge University Press}
}

@article{baldi1989neural,
  title={Neural networks and principal component analysis: Learning from examples without local minima},
  author={Baldi, Pierre and Hornik, Kurt},
  journal={Neural Networks},
  volume={2},
  number={1},
  pages={53--58},
  year={1989},
  publisher={Elsevier}
}

@article{beck2019deep,
  title={Deep neural networks for data-driven {LES} closure models},
  author={Beck, Andrea and Flad, David and Munz, Claus-Dieter},
  journal={J. Comput. Phys.},
  volume={398},
  pages={108910},
  year={2019},
  publisher={Elsevier}
}

@article{berry2017application,
  title={Application of {POD} on time-resolved schlieren in supersonic multi-stream rectangular jets},
  author={Berry, MG and Magstadt, AS and Glauser, Mark N},
  journal={Phys. Fluids},
  volume={29},
  number={2},
  pages={020706},
  year={2017},
  publisher={AIP Publishing LLC}
}

@article{blackwelder1972time,
  title={Time scales and correlations in a turbulent boundary layer},
  author={Blackwelder, Ron F and Kovasznay, Leslie SG},
  journal={Phys. Fluids},
  volume={15},
  number={9},
  pages={1545--1554},
  year={1972},
  publisher={AIP}
}

@article{bourgeois2013generalized,
  title={Generalized phase average with applications to sensor-based flow estimation of the wall-mounted square cylinder wake},
  author={Bourgeois, JA and Noack, BR and Martinuzzi, RJ},
  journal={J. Fluid Mech.},
  volume={736},
  pages={316--350},
  year={2013},
  publisher={Cambridge University Press}
}

@article{boree2003extended,
  title={Extended proper orthogonal decomposition: a tool to analyse correlated events in turbulent flows},
  author={Bor{\'e}e, J},
  journal={Exp. Fluids},
  volume={35},
  number={2},
  pages={188--192},
  year={2003},
  publisher={Springer}
}

@article{bourlard1988auto,
  title={Auto-association by multilayer perceptrons and singular value decomposition},
  author={Bourlard, H. and Kamp, Y.},
  journal={Biol. Cybern.},
  volume={59},
  number={4-5},
  pages={291--294},
  year={1988},
  publisher={Springer}
}

@book{bradshaw2013introduction,
  title={An introduction to turbulence and its measurement: thermodynamics and fluid mechanics series},
  author={Bradshaw, Peter},
  year={2013},
  publisher={Elsevier}
}

@article{brown1977large,
  title={Large structure in a turbulent boundary layer},
  author={Brown, Garry L and Thomas, Andrew SW},
  journal={Phys. Fluids},
  volume={20},
  number={10},
  pages={S243--S252},
  year={1977},
  publisher={American Institute of Physics}
}

@article{brunton2020machine,
  title={Machine learning for fluid mechanics},
  author={Brunton, Steven L and Noack, Bernd R and Koumoutsakos, Petros},
  journal={Annu. Rev. Fluid Mech.},
  volume={52},
  pages={477--508},
  year={2020},
  publisher={Annual Reviews}
}

@article{bucci2019control,
  Author = {Bucci, M. A. and Semeraro, O. and Allauzen, A. and Wisniewski, G. and Cordier, L. and Mathelin, L.},
  journal = {Proc. R. Soc. A},
  Pages = {20190351},
  Title = {{Control of chaotic systems by deep reinforcement learning}},
  Volume = {475},
  Year = {2019}
}

@article{ceglia2014three,
  title={Three-dimensional organization of the flow structure in a non-reactive model aero engine lean burn injection system},
  author={Ceglia, Giuseppe and Discetti, Stefano and Ianiro, Andrea and Michaelis, Dirk and Astarita, Tommaso and Cardone, Gennaro},
  journal={Exp. Therm. Fluid Sci.},
  volume={52},
  pages={164--173},
  year={2014},
  publisher={Elsevier}
}

@techreport{chevalier2007pseudo,
  title={A pseudospectral solver for incompressible boundary layer flows},
  author={Chevalier, M. and Schlatter, P. and Lundbladh, A. and Henningson, D. S.},
  year={2007},
  institution={TRITA-MEK 2007:07. KTH Mechanics, Stockholm, Sweden},
  type={},
}

@article{choi1994active,
  title={Active turbulence control for drag reduction in wall-bounded flows},
  author={Choi, H. and Moin, P. and Kim, J.},
  journal={J. Fluid Mech.},
  volume={262},
  pages={75--75},
  year={1994},
  publisher={Cambridge University Press},
}

@article{citriniti2000reconstruction,
  title={Reconstruction of the global velocity field in the axisymmetric mixing layer utilizing the proper orthogonal decomposition},
  author={Citriniti, Joseph H and George, William K},
  journal={J. Fluid Mech.},
  volume={418},
  pages={137--166},
  year={2000},
  publisher={Cambridge University Press}
}

@article{de2018clinically,
  title={Clinically applicable deep learning for diagnosis and referral in retinal disease},
  author={De Fauw, Jeffrey and Ledsam, Joseph R and Romera-Paredes, Bernardino and Nikolov, Stanislav and Tomasev, Nenad and Blackwell, Sam and Askham, Harry and Glorot, Xavier and Oâ€™Donoghue, Brendan and Visentin, Daniel and others},
  journal={Nat. Med.},
  volume={24},
  number={9},
  pages={1342--1350},
  year={2018},
  publisher={Nature Publishing Group}
}

@article{deane1991low,
  title={Low-dimensional models for complex geometry flows: application to grooved channels and circular cylinders},
  author={Deane, AE and Kevrekidis, IG and Karniadakis, G Em and Orszag, SA},
  journal={Phys. Fluids},
  volume={3},
  number={10},
  pages={2337--2354},
  year={1991},
  publisher={American Institute of Physics}
}

@article{del2004scaling,
  title={Scaling of the energy spectra of turbulent channels},
  author={Del Alamo, Juan C and Jim{\'e}nez, Javier and Zandonade, Paulo and D MOSER, ROBERT},
  journal={J. Fluid Mech.},
  volume={500},
  pages={135},
  year={2004},
  publisher={Citeseer}
}

@article{del2006self,
  title={Self-similar vortex clusters in the turbulent logarithmic region},
  author={Del Alamo, Juan C and Jimenez, Javier and Zandonade, Paulo and Moser, Robert D},
  journal={J. Fluid Mech.},
  volume={561},
  pages={329--358},
  year={2006},
  publisher={Cambridge University Press}
}

@article{delville1999examination,
  title={Examination of large-scale structures in a turbulent plane mixing layer. {P}art 1. {P}roper orthogonal decomposition},
  author={Delville, Jo{\"e}l and Ukeiley, Lawrence and Cordier, Laurent and Bonnet, Jean-Paul and Glauser, M},
  journal={J. Fluid Mech.},
  volume={391},
  pages={91--122},
  year={1999},
  publisher={Cambridge University Press}
}

@inproceedings{demers1993non,
  title={Non-linear dimensionality reduction},
  author={DeMers, David and Cottrell, Garrison W},
  booktitle={Adv. Neur. In.},
  pages={580--587},
  year={1993}
}

@article{deng2019time,
  title={Time-resolved turbulent velocity field reconstruction using a long short-term memory ({LSTM})-based artificial intelligence framework},
  author={Deng, Zhiwen and Chen, Yujia and Liu, Yingzheng and Kim, Kyung Chun},
  journal={Phys. Fluids},
  volume={31},
  number={7},
  pages={075108},
  year={2019},
  publisher={AIP Publishing}
}

@article{deng2019super,
  title={Super-resolution reconstruction of turbulent velocity fields using a generative adversarial network-based artificial intelligence framework},
  author={Deng, Zhiwen and He, Chuangxin and Liu, Yingzheng and Kim, Kyung Chun},
  journal={Phys. Fluids},
  volume={31},
  number={12},
  pages={125111},
  year={2019},
  publisher={AIP Publishing LLC}
}

@article{discetti2018estimation,
  title={Estimation of time-resolved turbulent fields through correlation of non-time-resolved field measurements and time-resolved point measurements},
  author={Discetti, Stefano and Raiola, Marco and Ianiro, Andrea},
  journal={Exp. Therm. Fluid Sci.},
  volume={93},
  pages={119--130},
  year={2018},
  publisher={Elsevier}
}

@article{discetti2019characterization,
  title={Characterization of very-large-scale motions in high-{R}e pipe flows},
  author={Discetti, Stefano and Bellani, Gabriele and {\"O}rl{\"u}, Ramis and Serpieri, Jacopo and Sanmiguel Vila, Carlos and Raiola, Marco and Zheng, Xiaobo and Mascotelli, Lucia and Talamelli, Alessandro and Ianiro, Andrea},
  journal={Exp. Therm. Fluid Sci.},
  volume={104},
  pages={1--8},
  year={2019},
  publisher={Elsevier}
}

@article{dogan2019quantification,
  author = {E. Dogan and R. \"Orl\"u and D. Gatti and R. Vinuesa and P. Schlatter},
  title = {Quantification of amplitude modulation in wall-bounded turbulence},
  year = {2019},
  journal = {Fluid Dyn. Res.},
  volume = {51},
  pages = {011408}
}

@unpublished{dumoulin2016guide,
  author = {Dumoulin, V. and Visin, F.},
  note = {{a}rXiv preprint arXiv:1603.07285},
  title = {A guide to convolution arithmetic for deep learning},
  year = {2016}
}

@article{duraisamy2019turbulence,
  author = {Duraisamy, K. and Iaccarino, G. and Xiao, H.},
  journal = {Annu. Rev. Fluid Mech.},
  pages = {357--377},
  title = {Turbulence modeling in the age of data},
  volume = {51},
  year = {2019}
}

@article{eivazi2020recurrent,
  title={Recurrent neural networks and Koopman-based frameworks for temporal predictions in a low-order model of turbulence},
  author={Eivazi, Hamidreza and Guastoni, Luca and Schlatter, Philipp and Azizpour, Hossein and Vinuesa, Ricardo},
  journal={Int. J. Heat Fluid Fl.},
  volume={90},
  pages={108816},
  year={2021},
  publisher={Elsevier}
}

@inproceedings{encinar2018reconstructing,
  title={Reconstructing channel turbulence from wall observations},
  author={Encinar, M P and Lozano-Dur{\'a}n, A and Jim{\'e}nez, J},
  booktitle={Procs. CTR Summer School},
  year={2018}
}

@article{encinar2019logarithmic,
  title={Logarithmic-layer turbulence: A view from the wall},
  author={Encinar, Miguel P and Jim{\'e}nez, Javier},
  journal={Phys. Rev. Fluids},
  volume={4},
  number={11},
  pages={114603},
  year={2019},
  publisher={APS}
}

@article{encinar2020momentum,
  title={Momentum transfer by linearised eddies in turbulent channel flows},
  author={Encinar, Miguel P and Jim{\'e}nez, Javier},
  journal={J. Fluid Mech.},
  volume={895},
  year={2020},
  publisher={Cambridge University Press}
}

@article{erichson2020shallow,
  title={Shallow neural networks for fluid flow reconstruction with limited sensors},
  author={Erichson, N Benjamin and Mathelin, Lionel and Yao, Zhewei and Brunton, Steven L and Mahoney, Michael W and Kutz, J Nathan},
  journal={P. Roy. Soc. A - Math. Phys.},
  volume={476},
  number={2238},
  pages={20200097},
  year={2020},
  publisher={The Royal Society Publishing}
}

@misc{european2018clean,
  title={A clean planet for all. {A} {E}uropean strategic long-term vision for a prosperous, modern, competitive and climate neutral economy},
  author={{European Commission}},
  note={COM 773},
  year={2018}
}

@misc{european2019european,
  title={European aviation environmental report},
  author={{European Environment Agency} and {European Aviation Safety Agency} and {Eurocontrol}},
  year={2019}
}

@article{fan2020interpretability,
  title={On interpretability of artificial neural networks: {A} survey},
  author={Fan, F.L. and Xiong, J. and Li, M. and Wang, G.},
  journal={IEEE T. Radiat. Plasma Med. Sci.},
  year={2021}
}

@article{favre1967structure,
  title={Structure of Velocity Space-Time Correlations in a Boundary Layer},
  author={Favre, A and Gaviglio, J and Dumas, R},
  journal={Phys. Fluids},
  volume={10},
  number={9},
  pages={S138--S145},
  year={1967},
  publisher={AIP}
}

@article{feng2011proper,
  title={Proper orthogonal decomposition analysis of vortex dynamics of a circular cylinder under synthetic jet control},
  author={Feng, Li-Hao and Wang, Jin-Jun and Pan, Chong},
  journal={Phys. Fluids},
  volume={23},
  number={1},
  pages={014106},
  year={2011},
  publisher={American Institute of Physics}
}

@article{flores2010hierarchy,
  title={Hierarchy of minimal flow units in the logarithmic layer},
  author={Flores, Oscar and Jim{\'e}nez, Javier},
  journal={Phys. Fluids},
  volume={22},
  number={7},
  pages={071704},
  year={2010},
  publisher={American Institute of Physics}
}

@article{fukami2019super,
  title={Super-resolution reconstruction of turbulent flows with machine learning},
  author={Fukami, Kai and Fukagata, Koji and Taira, Kunihiko},
  journal={J. Fluid Mech.},
  volume={870},
  pages={106--120},
  year={2019},
  publisher={Cambridge University Press}
}

@article{fukami2019synthetic,
  title={Synthetic turbulent inflow generator using machine learning},
  author={Fukami, Kai and Nabae, Yusuke and Kawai, Ken and Fukagata, Koji},
  journal={Phys. Rev. Fluids},
  volume={4},
  number={6},
  pages={064603},
  year={2019},
  publisher={APS}
}

@article{fukami2020convolutional,
  title={Convolutional neural network based hierarchical autoencoder for nonlinear mode decomposition of fluid field data},
  author={Fukami, Kai and Nakamura, Taichi and Fukagata, Koji},
  journal={Phys. Fluids},
  volume={32},
  number={9},
  pages={095110},
  year={2020},
  publisher={AIP Publishing LLC}
}

@article{fukami2021machine,
  title={Machine-learning-based spatio-temporal super resolution reconstruction of turbulent flows},
  author={Fukami, Kai and Fukagata, Koji and Taira, Kunihiko},
  journal={J. Fluid Mech.},
  volume={909},
  year={2021},
  publisher={Cambridge University Press}
}

@article{fukushima1980neocognitron,
  title={Neocognitron: A self-organizing neural network model for a mechanism of pattern recognition unaffected by shift in position},
  author={Fukushima, Kunihiko},
  journal={Biol. Cybern.},
  volume={36},
  number={4},
  pages={193--202},
  year={1980},
  publisher={Springer}
}

@article{fukushima1988neocognitron,
  title={Neocognitron: A hierarchical neural network capable of visual pattern recognition},
  author={Fukushima, Kunihiko},
  journal={Neural Networks},
  volume={1},
  number={2},
  pages={119--130},
  year={1988},
  publisher={Elsevier}
}

@article{gamahara2017searching,
  title={Searching for turbulence models by artificial neural network},
  author={Gamahara, Masataka and Hattori, Yuji},
  journal={Phys. Rev. Fluids},
  volume={2},
  number={5},
  pages={054604},
  year={2017},
  publisher={APS}
}

@article{ganapathisubramani2003characteristics,
  title={Characteristics of vortex packets in turbulent boundary layers},
  author={Ganapathisubramani, Bharathram and Longmire, Ellen K and Marusic, Ivan},
  journal={J. Fluid Mech.},
  number={478},
  pages={35--46},
  year={2003},
  publisher={Cambridge University Press}
}

@article{ganapathisubramani2012amplitude,
  title={Amplitude and frequency modulation in wall turbulence},
  author={Ganapathisubramani, B and Hutchins, N and Monty, JP and Chung, D and Marusic, I},
  journal={J. Fluid Mech.},
  volume={712},
  pages={61--91},
  year={2012},
  publisher={Cambridge University Press}
}

@article{garcia2021demonstration,
  title={Demonstration of Patient-Specific Simulations To Assess Left Atrial Appendage Thrombogenesis Risk},
  author={Garc{\'\i}a-Villalba, Manuel and Rossini, Lorenzo and Gonzalo, Alejandro and Vigneault, Davis and Martinez-Legazpi, Pablo and Dur{\'a}n, Eduardo and Flores, Oscar and Bermejo, Javier and McVeigh, Elliot and Kahn, Andrew M and others},
  journal={Front. Physiol.},
  volume={12},
  year={2021},
  publisher={Frontiers Media SA}
}

@article{george2007there,
  title={Is there a universal log law for turbulent wall-bounded flows?},
  author={George, William K},
  journal={Philos. T. R. Soc. A},
  volume={365},
  number={1852},
  pages={789--806},
  year={2007},
  publisher={The Royal Society London}
}

@incollection{glauser1991dynamics,
  title={The dynamics of organized structures in the axisymmetric jet mixing layer},
  author={Glauser, Mark and Zheng, Xiaowei and Doering, Charles R},
  booktitle={Fluid Mech. A},
  pages={253--265},
  year={1991},
  publisher={Springer}
}

@article{glaws2020deep,
  title={Deep learning for in situ data compression of large turbulent flow simulations},
  author={Glaws, Andrew and King, Ryan and Sprague, Michael},
  journal={Phys. Rev. Fluids},
  volume={5},
  number={11},
  pages={114602},
  year={2020},
  publisher={APS}
}

@unpublished{goodfellow2014generative,
  title={Generative adversarial networks},
  author={Goodfellow, Ian J and Pouget-Abadie, Jean and Mirza, Mehdi and Xu, Bing and Warde-Farley, David and Ozair, Sherjil and Courville, Aaron and Bengio, Yoshua},
  note={{a}rXiv preprint arXiv:1406.2661},
  year={2014}
}

@book{goodfellow2016deep,
  title={Deep learning},
  author={Goodfellow, Ian and Bengio, Yoshua and Courville, Aaron and Bengio, Yoshua},
  year={2016},
  publisher={MIT Press Cambridge}
}

@article{gouder2013turbulent,
  title={Turbulent friction drag reduction using electroactive polymer and electromagnetically driven surfaces},
  author={Gouder, Kevin and Potter, Mark and Morrison, Jonathan F},
  journal={Exp. Fluids},
  volume={54},
  number={1},
  pages={1441},
  year={2013},
  publisher={Springer}
}

@article{guala2006large,
  title={Large-scale and very-large-scale motions in turbulent pipe flow},
  author={Guala, M and Hommema, SE and Adrian, RJ},
  journal={J. Fluid Mech.},
  volume={554},
  pages={521--542},
  year={2006},
  publisher={Cambridge University Press}
}

@inproceedings{guastoni2019use,
   author = {Guastoni, L. and Srinivasan, P. A. and Azizpour, H. and Schlatter, P. and Vinuesa, R.},
   title = {On the use of recurrent neural networks for predictions of turbulent flows},
   booktitle = {Proc. of the 11th Int. Symp. on Turbulence and Shear Flow Phenomena (TSFP11), Southampton, UK, July 30 - August 2},
   year = {2019},
   numpages = {6},
}

@article{guastoni2020prediction,
  title={Prediction of wall-bounded turbulence from wall quantities using convolutional neural networks},
  author={Guastoni, Luca and Encinar, Miguel P and Schlatter, Philipp and Azizpour, Hossein and Vinuesa, Ricardo},
  journal={J. Phys. Conf. Ser.},
  volume={1522},
  number={1},
  pages={012022},
  year={2020},
}

@article{guastoni2020convolutional,
  title={Convolutional-network models to predict wall-bounded turbulence from wall quantities},
  author={Guastoni, L. and G{\"u}emes, A. and Ianiro, A. and Discetti, S. and Schlatter, P. and Azizpour, H. and Vinuesa, R.},
  journal={J. Fluid Mech., \textbf{Under review}},
  year={2020}
}


@article{guemes2019flow,
  title={Flow organization in the wake of a rib in a turbulent boundary layer with pressure gradient},
  author={G{\"u}emes, A and Vila, C Sanmiguel and {\"O}rl{\"u}, Ramis and Vinuesa, Ricardo and Schlatter, Philipp and Ianiro, A and Discetti, S},
  journal={Exp. Ther. Fluid Sci.},
  volume={108},
  pages={115--124},
  year={2019},
  publisher={Elsevier}
}

@article{guemes2019sensing,
  author = {G{\"u}emes, A.  and Discetti, S.  and Ianiro, A. },
  title = {Sensing the turbulent large-scale motions with their wall signature},
  journal = {Phys. Fluids},
  volume = {31},
  number = {12},
  pages = {125112},
  year = {2019}
}


@article{gurka2006pod,
  title={{POD} of vorticity fields: A method for spatial characterization of coherent structures},
  author={Gurka, Roi and Liberzon, Alexander and Hetsroni, Gad},
  journal={Int. J. Heat Fluid Fl.},
  volume={27},
  number={3},
  pages={416--423},
  year={2006},
  publisher={Elsevier}
}

@article{hack2016data,
  title={Data-enabled prediction of streak breakdown in pressure-gradient boundary layers},
  author={Hack, MJ Philipp and Zaki, Tamer A},
  journal={J. Fluid Mech.},
  volume={801},
  pages={43--64},
  year={2016},
  publisher={Cambridge University Press}
}

@article{ham2019deep,
  title={Deep learning for multi-year {ENSO} forecasts},
  author={Ham, Yoo-Geun and Kim, Jeong-Hwan and Luo, Jing-Jia},
  journal={Nature},
  volume={573},
  number={7775},
  pages={568--572},
  year={2019},
  publisher={Nature Publishing Group}
}

@inproceedings{he2015delving,
  title={Delving deep into rectifiers: Surpassing human-level performance on imagenet classification},
  author={He, Kaiming and Zhang, Xiangyu and Ren, Shaoqing and Sun, Jian},
  booktitle={Proc. ICCV IEEE},
  pages={1026--1034},
  year={2015}
}

@inproceedings{he2016deep,
  title={Deep residual learning for image recognition},
  author={He, Kaiming and Zhang, Xiangyu and Ren, Shaoqing and Sun, Jian},
  booktitle={Proc. CVPR IEEE},
  pages={770--778},
  year={2016}
}

@article{hellstrom2014energetic,
  title={The energetic motions in turbulent pipe flow},
  author={Hellstr{\"o}m, Leo HO and Smits, Alexander J},
  journal={Phys. Fluids},
  volume={26},
  number={12},
  pages={125102},
  year={2014},
  publisher={AIP Publishing LLC}
}

@article{hinton2006reducing,
  title={Reducing the dimensionality of data with neural networks},
  author={Hinton, Geoffrey E and Salakhutdinov, Ruslan R},
  journal={Science},
  volume={313},
  number={5786},
  pages={504--507},
  year={2006},
  publisher={American Association for the Advancement of Science}
}

@article{hof2010eliminating,
  title={Eliminating turbulence in spatially intermittent flows},
  author={Hof, Bj{\"o}rn and De Lozar, Alberto and Avila, Marc and Tu, Xiaoyun and Schneider, Tobias M},
  journal={Science},
  volume={327},
  number={5972},
  pages={1491--1494},
  year={2010},
  publisher={American Association for the Advancement of Science}
}

@book{holmes2012turbulence,
  title={Turbulence, coherent structures, dynamical systems and symmetry},
  author={Holmes, Philip and Lumley, John L and Berkooz, Gahl and Rowley, Clarence W},
  year={2012},
  publisher={Cambridge University Press}
}

@article{hornik1989multilayer,
  title={Multilayer feedforward networks are universal approximators},
  author={Hornik, Kurt and Stinchcombe, Maxwell and White, Halbert},
  journal={Neural Networks},
  volume={2},
  number={5},
  pages={359--366},
  year={1989},
  publisher={Elsevier}
}

@article{hosseini2016modal,
  title={Modal energy flow analysis of a highly modulated wake behind a wall-mounted pyramid},
  volume={798},
  journal={J. Fluid Mech.},
  publisher={Cambridge University Press},
  author={Hosseini, Z. and Martinuzzi, R. J. and Noack, B. R.},
  year={2016},
  pages={717--750}
}

@article{hotelling1933analysis,
  title={Analysis of a complex of statistical variables into principal components.},
  author={Hotelling, Harold},
  journal={J. Educ. Psychol.},
  volume={24},
  number={6},
  pages={417},
  year={1933},
  publisher={Warwick \& York}
}

@article{hoyas2006scaling,
  title={Scaling of the velocity fluctuations in turbulent channels up to ${R}e_{\tau}$= 2003},
  author={Hoyas, Sergio and Jim{\'e}nez, Javier},
  journal={Phys. Fluids},
  volume={18},
  number={1},
  pages={011702},
  year={2006},
  publisher={AIP}
}

@article{hoyas2008reynolds,
  title={Reynolds number effects on the {R}eynolds-stress budgets in turbulent channels},
  author={Hoyas, Sergio and Jim{\'e}nez, Javier},
  journal={Phys. Fluids},
  volume={20},
  number={10},
  pages={101511},
  year={2008},
  publisher={AIP}
}

@article{hussain1983coherent,
  title={Coherent structuresâ€”reality and myth},
  author={Hussain, AKM Fazle},
  journal={Phys. Fluids},
  volume={26},
  number={10},
  pages={2816--2850},
  year={1983},
  publisher={American Institute of Physics}
}

@article{hutchins2007evidence,
  title={Evidence of very long meandering features in the logarithmic region of turbulent boundary layers},
  author={Hutchins, N and Marusic, Ivan},
  journal={J. Fluid Mech.},
  volume={579},
  pages={1--28},
  year={2007},
  publisher={Cambridge University Press}
}

@article{hutchins2007large,
  title={Large-scale influences in near-wall turbulence},
  author={Hutchins, Nicholas and Marusic, Ivan},
  journal={Philos. T. R. Soc. A},
  volume={365},
  number={1852},
  pages={647--664},
  year={2007},
  publisher={The Royal Society London}
}

@article{illingworth2018estimating,
  title={Estimating large-scale structures in wall turbulence using linear models},
  author={Illingworth, Simon J and Monty, Jason P and Marusic, Ivan},
  journal={J. Fluid Mech.},
  volume={842},
  pages={146--162},
  year={2018},
  publisher={Cambridge University Press}
}

@article{inigo2014dynamic,
    title={A dynamic observer to capture and control perturbation energy in noise amplifiers},
    volume={758},
    journal={J. Fluid Mech.},
    publisher={Cambridge University Press},
    author={Guzm\'an I\~nigo, J and Sipp, D and Schmid, P J},
    year={2014},
    pages={728â€“753}
}

@inproceedings{ioffe2015batch,
  title={Batch normalization: Accelerating deep network training by reducing internal covariate shift},
  author={Ioffe, Sergey and Szegedy, Christian},
  booktitle={Proc. ICML},
  pages={448--456},
  year={2015}
}

@article{iten2020discovering,
  title={Discovering physical concepts with neural networks},
  author={Iten, Raban and Metger, Tony and Wilming, Henrik and Del Rio, L{\'\i}dia and Renner, Renato},
  journal={Phys. Rev. Letters},
  volume={124},
  number={1},
  pages={010508},
  year={2020},
  publisher={APS}
}

@unpublished{jagodinski2020uncovering,
  title={Uncovering dynamically critical regions in near-wall turbulence using {3D} Convolutional Neural Networks},
  author={Jagodinski, E. and Zhu, X. and Verma, S.},
  note={{a}rXiv preprint arXiv:2004.06187},
  year={2020}
}

@article{jean2016combining,
  title={Combining satellite imagery and machine learning to predict poverty},
  author={Jean, Neal and Burke, Marshall and Xie, Michael and Davis, W Matthew and Lobell, David B and Ermon, Stefano},
  journal={Science},
  volume={353},
  number={6301},
  pages={790--794},
  year={2016},
  publisher={American Association for the Advancement of Science}
}

@article{jeong1995identification,
  title={On the identification of a vortex},
  author={Jeong, Jinhee and Hussain, Fazle},
  journal={J. Fluid Mech.},
  volume={285},
  pages={69--94},
  year={1995},
  publisher={Cambridge University Press}
}

@article{jeong1997coherent,
  title={Coherent structures near the wall in a turbulent channel flow},
  author={Jeong, Jinhee and Hussain, Fazle and Schoppa, Wade and Kim, John},
  journal={J. Fluid Mech.},
  volume={332},
  number={185-214},
  pages={188},
  year={1997},
  publisher={Cambridge; New York: Cambridge University Press, 1956-}
}

@article{jimenez1991minimal,
  title={The minimal flow unit in near-wall turbulence},
  author={Jim{\'e}nez, Javier and Moin, Parviz},
  journal={J. Fluid Mech.},
  volume={225},
  pages={213--240},
  year={1991},
  publisher={Cambridge University Press}
}

@article{jimenez1994structure,
  title={On the structure and control of near wall turbulence},
  author={Jim{\'e}nez, Javier},
  journal={Phys. Fluids},
  volume={6},
  number={2},
  pages={944--953},
  year={1994},
  publisher={American Institute of Physics}
}

@article{jimenez1999autonomous,
  title={The autonomous cycle of near-wall turbulence},
  author={Jim{\'e}nez, Javier and Pinelli, Alfredo},
  journal={J. Fluid Mech.},
  volume={389},
  pages={335--359},
  year={1999},
  publisher={Cambridge University Press}
}

@article{jimenez2012cascades,
  title={Cascades in wall-bounded turbulence},
  author={Jim{\'e}nez, Javier},
  journal={Annu. Rev. Fluid Mech.},
  volume={44},
  pages={27--45},
  year={2012},
  publisher={Annual Reviews}
}

@article{jimenez2013near,
  title={Near-wall turbulence},
  author={Jim{\'e}nez, Javier},
  journal={Phys. Fluids},
  volume={25},
  number={10},
  pages={101302},
  year={2013},
  publisher={American Institute of Physics}
}

@article{jimenez2018coherent,
  title={Coherent structures in wall-bounded turbulence},
  author={Jim{\'e}nez, Javier},
  journal={J. Fluid Mech.},
  volume={842},
  year={2018},
  publisher={Cambridge University Press}
}

@article{jimenez2018machine,
  title={Machine-aided turbulence theory},
  author={Jim{\'e}nez, Javier},
  journal={J. Fluid Mech.},
  volume={854},
  year={2018},
  publisher={Cambridge University Press}
}

@article{jimenez2020computers,
  title={Computers and turbulence},
  author={Jim{\'e}nez, Javier},
  journal={Eur. J. Mech. B-Fluid.},
  volume={79},
  pages={1--11},
  year={2020},
  publisher={Elsevier}
}

@article{jimenez2020monte,
  title={Monte {C}arlo science},
  author={Jim{\'e}nez, Javier},
  journal={J. Turbul.},
  volume={21},
  number={9-10},
  pages={544--566},
  year={2020},
  publisher={Taylor \& Francis}
}

@article{jimenez2020dipoles,
  title={Dipoles and streams in two-dimensional turbulence},
  author={Jim{\'e}nez, Javier},
  journal={J. Fluid Mech.},
  volume={904},
  year={2020},
  publisher={Cambridge University Press}
}

@article{kaiser2014cluster,
  title={Cluster-based reduced-order modelling of a mixing layer},
  author={Kaiser, Eurika and Noack, Bernd R and Cordier, Laurent and Spohn, Andreas and Segond, Marc and Abel, Markus and Daviller, Guillaume and {\"O}sth, Jan and Krajnovi{\'c}, Sini{\v{s}}a and Niven, Robert K},
  journal={J. Fluid Mech.},
  volume={754},
  pages={365--414},
  year={2014},
  publisher={Cambridge University Press}
}

@article{kim1999very,
  title={Very large-scale motion in the outer layer},
  author={Kim, KC and Adrian, RJ},
  journal={Phys. Fluids},
  volume={11},
  number={2},
  pages={417--422},
  year={1999},
  publisher={AIP}
}

@article{kim2020prediction,
  title={Prediction of turbulent heat transfer using convolutional neural networks},
  author={Kim, Junhyuk and Lee, Changhoon},
  journal={J. Fluid Mech.},
  volume={882},
  year={2020},
  publisher={Cambridge University Press}
}

@article{kim2021unsupervised,
  title={Unsupervised deep learning for super-resolution reconstruction of turbulence},
  author={Kim, Hyojin and Kim, Junhyuk and Won, Sungjin and Lee, Changhoon},
  journal={J. Fluid Mech.},
  volume={910},
  year={2021},
  pages={A29},
  publisher={Cambridge University Press}
}

@unpublished{kingma2014adam,
  title={Adam: A method for stochastic optimization},
  author={Kingma, Diederik P and Ba, Jimmy},
  note={{a}rXiv preprint arXiv:1412.6980},
  year={2014}
 }

@article{kline1967structure,
  title={The structure of turbulent boundary layers},
  author={Kline, Stephen J and Reynolds, William C and Schraub, FA and Runstadler, PW},
  journal={J. Fluid Mech.},
  volume={30},
  number={4},
  pages={741--773},
  year={1967},
  publisher={Cambridge University Press}
}

@inproceedings{kolmogorov1941energy,
  title={Energy dissipation in locally isotropic turbulence},
  author={Kolmogorov, Andrei N},
  booktitle={Dokl. Akad. Nauk. SSSR},
  volume={32},
  pages={19--21},
  year={1941}
}

@article{komminaho1996very,
  title={Very large structures in plane turbulent Couette flow},
  author={Komminaho, Jukka and Lundbladh, Anders and Johansson, Arne V},
  journal={J. Fluid Mech.},
  volume={320},
  pages={259--285},
  year={1996},
  publisher={Cambridge University Press}
}

@article{kutz2017deep,
  title={Deep learning in fluid dynamics},
  author={Kutz, J Nathan},
  journal={J. Fluid Mech.},
  volume={814},
  pages={1--4},
  year={2017},
  publisher={Cambridge University Press}
}

@article{kwon2020magnetic,
  title={Magnetic {H}amiltonian parameter estimation using deep learning techniques},
  author={Kwon, HY and Yoon, HG and Lee, C and Chen, G and Liu, K and Schmid, AK and Wu, YZ and Choi, JW and Won, C},
  journal={Science Advances},
  volume={6},
  number={39},
  pages={eabb0872},
  year={2020},
  publisher={American Association for the Advancement of Science}
}

@article{lapeyre2019training,
  title={Training convolutional neural networks to estimate turbulent sub-grid scale reaction rates},
  author={Lapeyre, Corentin J and Misdariis, Antony and Cazard, Nicolas and Veynante, Denis and Poinsot, Thierry},
  journal={Combust. Flame},
  volume={203},
  pages={255--264},
  year={2019},
  publisher={Elsevier}
}

@inproceedings{lecun1985learning,
  title={A learning scheme for asymmetric threshold networks},
  author={LeCun, Yann},
  booktitle={Proc. Cognitiva},
  volume={85},
  number={537},
  pages={599--604},
  year={1985}
}

@article{lecun1989backpropagation,
  title={Backpropagation applied to handwritten zip code recognition},
  author={LeCun, Yann and Boser, Bernhard and Denker, John S and Henderson, Donnie and Howard, Richard E and Hubbard, Wayne and Jackel, Lawrence D},
  journal={Neural Comput.},
  volume={1},
  number={4},
  pages={541--551},
  year={1989},
  publisher={MIT Press}
}

@article{lecun1998gradient,
  title={Gradient-based learning applied to document recognition},
  author={LeCun, Yann and Bottou, L{\'e}on and Bengio, Yoshua and Haffner, Patrick},
  journal={Proc. IEEE},
  volume={86},
  number={11},
  pages={2278--2324},
  year={1998}
}

@article{lecun2015deep,
  title={Deep learning},
  author={LeCun, Yann and Bengio, Yoshua and Hinton, Geoffrey},
  journal={Nature},
  volume={521},
  number={7553},
  pages={436},
  year={2015},
  publisher={Nature Publishing Group}
}

@inproceedings{ledig2017photo,
  title={Photo-realistic single image super-resolution using a generative adversarial network},
  author={Ledig, Christian and Theis, Lucas and Husz{\'a}r, Ferenc and Caballero, Jose and Cunningham, Andrew and Acosta, Alejandro and Aitken, Andrew and Tejani, Alykhan and Totz, Johannes and Wang, Zehan and others},
  booktitle={Proc. CVPR IEEE},
  pages={4681--4690},
  year={2017}
}

@article{lee1997application,
  title={Application of neural networks to turbulence control for drag reduction},
  author={Lee, Changhoon and Kim, John and Babcock, David and Goodman, Rodney},
  journal={Phys. Fluids},
  volume={9},
  number={6},
  pages={1740--1747},
  year={1997},
  publisher={AIP}
}

@article{lee2012spatially,
  title={Spatially developing turbulent boundary layer on a flat plate},
  author={Lee, JH and Kwon, YS and Hutchins, N and Monty, JP},
  journal={Bull. Am. Phys. Soc.},
  volume={57},
  pages={arXiv--1210},
  year={2012}
}

@article{liu2020deep,
  title={Deep learning methods for super-resolution reconstruction of turbulent flows},
  author={Liu, Bo and Tang, Jiupeng and Huang, Haibo and Lu, Xi-Yun},
  journal={Phys. Fluids},
  volume={32},
  number={2},
  pages={025105},
  year={2020},
  publisher={AIP Publishing LLC}
}

@article{li2008public,
  title={A public turbulence database cluster and applications to study Lagrangian evolution of velocity increments in turbulence},
  author={Li, Yi and Perlman, Eric and Wan, Minping and Yang, Yunke and Meneveau, Charles and Burns, Randal and Chen, Shiyi and Szalay, Alexander and Eyink, Gregory},
  journal={J. Turbul.},
  volume={9},
  pages={N31},
  year={2008},
  publisher={Taylor \& Francis}
}

@article{liang2015symmetry,
  title={On the symmetry of proper orthogonal decomposition modes of a low-aspect-ratio plate},
  author={Liang, Zongxian and Dong, Haibo},
  journal={Phys. Fluids},
  volume={27},
  number={6},
  pages={063601},
  year={2015},
  publisher={AIP Publishing LLC}
}

@article{ling2016reynolds,
  title={Reynolds averaged turbulence modelling using deep neural networks with embedded invariance},
  author={Ling, Julia and Kurzawski, Andrew and Templeton, Jeremy},
  journal={J. Fluid Mech.},
  volume={807},
  pages={155--166},
  year={2016},
  publisher={Cambridge University Press}
}

@article{liu1994reynolds,
  title={Reynolds number similarity of orthogonal decomposition of the outer layer of turbulent wall flow},
  author={Liu, Z-C and Adrian, Ronald J and Hanratty, Thomas J},
  journal={Phys. Fluids},
  volume={6},
  number={8},
  pages={2815--2819},
  year={1994},
  publisher={AIP}
}

@article{liu2001large,
  title={Large-scale modes of turbulent channel flow: transport and structure},
  author={Liu, Z and Adrian, RJ and Hanratty, TJ},
  journal={J. Fluid Mech.},
  volume={448},
  pages={53--80},
  year={2001},
  publisher={Cambridge University Press}
}

@article{liu2017survey,
  title={A survey of deep neural network architectures and their applications},
  author={Liu, Weibo and Wang, Zidong and Liu, Xiaohui and Zeng, Nianyin and Liu, Yurong and Alsaadi, Fuad E},
  journal={Neurocomputing},
  volume={234},
  pages={11--26},
  year={2017},
  publisher={Elsevier}
}

@inproceedings{long2015fully,
  title={Fully convolutional networks for semantic segmentation},
  author={Long, Jonathan and Shelhamer, Evan and Darrell, Trevor},
  booktitle={Proc. CVPR IEEE},
  pages={3431--3440},
  year={2015}
}

@article{lozano2012three,
  title={The three-dimensional structure of momentum transfer in turbulent channels},
  author={Lozano-Dur{\'a}n, Adri{\'a}n and Flores, Oscar and Jim{\'e}nez, Javier},
  journal={J. Fluid Mech.},
  volume={694},
  pages={100},
  year={2012},
  publisher={Cambridge University Press}
}

@article{lozano2014time,
  title={Time-resolved evolution of coherent structures in turbulent channels: characterization of eddies and cascades},
  author={Lozano-Dur{\'a}n, Adri{\'a}n and Jim{\'e}nez, Javier},
  journal={J. Fluid Mech.},
  volume={759},
  pages={432},
  year={2014},
  publisher={Cambridge University Press}
}

@article{lozano2020causality,
  title={Causality of energy-containing eddies in wall turbulence},
  author={Lozano-Dur{\'a}n, A. and Bae, H. J. and Encinar, M. P.},
  journal={J. Fluid Mech.},
  volume={882},
  year={2020},
  publisher={Cambridge University Press}
}

@inproceedings{lumley1967structure,
  title={The structure of inhomogeneous turbulent flows},
  author={Lumley, John Leask},
  booktitle={Atmospheric turbulence and radio wave propagation},
  year={1967},
  pages={166--178}
}

@article{lusch2018deep,
  title={Deep learning for universal linear embeddings of nonlinear dynamics},
  author={Lusch, Bethany and Kutz, J Nathan and Brunton, Steven L},
  journal={Nat. Commun.},
  volume={9},
  number={1},
  pages={4950},
  year={2018},
  publisher={Nature Publishing Group}
}

@inproceedings{maas2013rectifier,
  title={Rectifier nonlinearities improve neural network acoustic models},
  author={Maas, Andrew L and Hannun, Awni Y and Ng, Andrew Y},
  booktitle={Proc. ICML},
  pages={3},
  year={2013}
}

@article{makarashvili2017performance,
  title = "A performance analysis of ensemble averaging for high fidelity turbulence simulations at the strong scaling limit",
  journal = "Computer Physics Communications",
  volume = "219",
  pages = "236 - 245",
  year = "2017",
  author = "Vakhtang Makarashvili and Elia Merzari and Aleksandr Obabko and Andrew Siegel and Paul Fischer",
}

@article{mallor2018wall,
  title={Wall-mounted perforated cubes in a boundary layer: Local heat transfer enhancement and control},
  author={Mallor, Fermin and Sanmiguel Vila, Carlos and Ianiro, Andrea and Discetti, Stefano},
  journal={Int. J. Heat Mass Tran.},
  volume={117},
  pages={498--507},
  year={2018},
  publisher={Elsevier}
}

@article{mallor2019modal,
  title={Modal decomposition of flow fields and convective heat transfer maps: An application to wall-proximity square ribs},
  author={Mallor, Fermin and Raiola, Marco and Sanmiguel Vila, Carlos and {\"O}rl{\"u}, Ramis and Discetti, Stefano and Ianiro, Andrea},
  journal={Exp. Therm. Fluid Sci.},
  volume={102},
  pages={517--527},
  year={2019},
  publisher={Elsevier}
}

@Article{marusic2007reynolds,
  author = {I. Marusic and W. D. C. Heuer},
  title = {Reynolds number invariance of the structure inclination angle in wall turbulence},
  year = {2007},
  journal = {Phys. Rev. Lett.},
  volume = {99},
  pages = {114504}
}

@article{marusic2010predictive,
  title={Predictive model for wall-bounded turbulent flow},
  author={Marusic, I and Mathis, R and Hutchins, N},
  journal={Science},
  volume={329},
  number={5988},
  pages={193--196},
  year={2010},
  publisher={American Association for the Advancement of Science}
}

@article{marusic2010wall,
  title={Wall-bounded turbulent flows at high {R}eynolds numbers: recent advances and key issues},
  author={Marusic, Ivan and McKeon, Beverley J and Monkewitz, Peter A and Nagib, Hassan M and Smits, Alexander J and Sreenivasan, Katepalli R},
  journal={Phys. Fluids},
  volume={22},
  number={6},
  pages={065103},
  year={2010},
  publisher={American Institute of Physics}
}

@article{mathis2009large,
  title={Large-scale amplitude modulation of the small-scale structures in turbulent boundary layers},
  author={Mathis, Romain and Hutchins, Nicholas and Marusic, Ivan},
  journal={J. Fluid Mech.},
  volume={628},
  pages={311--337},
  year={2009},
  publisher={Cambridge University Press}
}

@article{mathis2011predictive,
  title={A predictive inner--outer model for streamwise turbulence statistics in wall-bounded flows},
  author={Mathis, Romain and Hutchins, Nicholas and Marusic, Ivan},
  journal={J. Fluid Mech.},
  volume={681},
  pages={537--566},
  year={2011},
  publisher={Cambridge University Press}
}

@article{mathis2013estimating,
  title={Estimating wall-shear-stress fluctuations given an outer region input},
  author={Mathis, Romain and Marusic, Ivan and Chernyshenko, Sergei I and Hutchins, Nicholas},
  journal={J. Fluid Mech.},
  volume={715},
  pages={163--180},
  year={2013},
  publisher={Cambridge University Press}
}

@article{maulik2017neural,
  title={A neural network approach for the blind deconvolution of turbulent flows},
  author={Maulik, Romit and San, Omer},
  journal={J. Fluid Mech.},
  volume={831},
  pages={151--181},
  year={2017},
  publisher={Cambridge University Press}
}

@article{maulik2019subgrid,
  title={Subgrid modelling for two-dimensional turbulence using neural networks},
  author={Maulik, Romit and San, Omer and Rasheed, Adil and Vedula, Prakash},
  journal={J. Fluid Mech.},
  volume={858},
  pages={122--144},
  year={2019},
  publisher={Cambridge University Press}
}

@article{maurel2001extended,
  title={Extended proper orthogonal decomposition: Application to jet/vortex interaction},
  author={Maurel, S and Bor{\'e}e, J and Lumley, JL},
  journal={Flow Turbul. Combust.},
  volume={67},
  number={2},
  pages={125--136},
  year={2001},
  publisher={Springer}
}

@article{mayer1998quantitative,
  title={Quantitative infrared-thermography for wall-shear stress measurement in laminar flow},
  author={Mayer, R and Henkes, R A W M and Van Ingen, J L},
  journal={Int. J. Heat Mass Tran.},
  volume={41},
  number={15},
  pages={2347--2356},
  year={1998},
  publisher={Elsevier}
}

@article{mendez2017pod,
  title={{POD}-based background removal for particle image velocimetry},
  author={Mendez, MA and Raiola, Marco and Masullo, A and Discetti, Stefano and Ianiro, Andrea and Theunissen, R and Buchlin, J-M},
  journal={Exp. Therm. Fluid Sci.},
  volume={80},
  pages={181--192},
  year={2017},
  publisher={Elsevier}
}

@article{mendez2019multi,
  title={Multi-scale proper orthogonal decomposition of complex fluid flows},
  author={Mendez, MA and Balabane, M and Buchlin, J-M},
  journal={J. Fluid Mech.},
  volume={870},
  pages={988--1036},
  year={2019},
  publisher={Cambridge University Press}
}

@article{milano2002neural,
  title={Neural network modeling for near wall turbulent flow},
  author={Milano, Michele and Koumoutsakos, Petros},
  journal={J. Comput. Phys.},
  volume={182},
  number={1},
  pages={1--26},
  year={2002},
  publisher={Elsevier}
}

@article{moehlis2004low,
  title={A low-dimensional model for turbulent shear flows},
  author={Moehlis, Jeff and Faisst, Holger and Eckhardt, Bruno},
  journal={New J. Phys.},
  volume={6},
  number={1},
  pages={56},
  year={2004},
  publisher={IOP Publishing}
}

@article{moin1989characteristic,
  title={Characteristic-eddy decomposition of turbulence in a channel},
  author={Moin, Parviz and Moser, Robert D},
  journal={J. Fluid Mech.},
  volume={200},
  pages={471--509},
  year={1989},
  publisher={Cambridge University Press}
}

@article{mokhasi2009predictive,
  author = {P. Mokhasi and D. Rempfer and S. Kandala},
  title = {Predictive flow-field estimation},
  year = {2009},
  journal = {Physica D},
  volume = {238},
  pages = {290--308}
}

@article{monty2007large,
  title={Large-scale features in turbulent pipe and channel flows},
  author={Monty, JP and Stewart, JA and Williams, RC and Chong, MS},
  journal={J. Fluid Mech.},
  volume={589},
  pages={147--156},
  year={2007},
  publisher={Cambridge University Press}
}

@article{monty2009comparison,
  title={A comparison of turbulent pipe, channel and boundary layer flows},
  author={Monty, JP and Hutchins, N and Ng, HCH and Marusic, I and Chong, MS},
  journal={J. Fluid Mech.},
  volume={632},
  pages={431},
  year={2009}
}

@article{murata2020nonlinear,
  title={Nonlinear mode decomposition with convolutional neural networks for fluid dynamics},
  author={Murata, Takaaki and Fukami, Kai and Fukagata, Koji},
  journal={J. Fluid Mech.},
  volume={882},
  year={2020},
  publisher={Cambridge University Press}
}

@inproceedings{nair2010rectified,
  title={Rectified linear units improve restricted boltzmann machines},
  author={Nair, Vinod and Hinton, Geoffrey E},
  booktitle={Proc. ICML},
  pages={807--814},
  year={2010}
}

@article{nair2020leveraging,
  author = {N. J. Nair and A. Goza},
  title = {Leveraging reduced-order models for state estimation using deep learning},
  year = {2020},
  journal = {J. Fluid Mech.},
  volume = {897},
  pages = {R1}
}

@article{nakamura2013quantitative,
  title={Quantitative evaluation of spatio-temporal heat transfer to a turbulent air flow using a heated thin-foil},
  author={Nakamura, Hajime and Yamada, Shunsuke},
  journal={Int. J. Heat Mass Tran.},
  volume={64},
  pages={892--902},
  year={2013},
  publisher={Elsevier}
}

@article{nikolaou2019progress,
  title={Progress variable variance and filtered rate modelling using convolutional neural networks and flamelet methods},
  author={Nikolaou, ZM and Chrysostomou, C and Vervisch, L and Cant, S},
  journal={Flow Turbul. Combust.},
  volume={103},
  pages={1--17},
  year={2019},
  publisher={Springer}
}

@article{norouzzadeh2018automatically,
  title={Automatically identifying, counting, and describing wild animals in camera-trap images with deep learning},
  author={Norouzzadeh, Mohammad Sadegh and Nguyen, Anh and Kosmala, Margaret and Swanson, Alexandra and Palmer, Meredith S and Packer, Craig and Clune, Jeff},
  journal={Proc. Natl. Acad. Sci.},
  volume={115},
  number={25},
  pages={E5716--E5725},
  year={2018},
  publisher={National Acad Sciences}
}

@unpublished{oord2016wavenet,
  author = {van den Oord, A. and Dieleman, S. and Zen, H. and Simonyan, K. and Vinyals, O. and Graves, A. and Kalchbrenner, N. and Senior, A. and Kavukcuoglu, K.},
  title = {WaveNet: A Generative Model for Raw Audio},
  note = {{a}rXiv preprint arXiv:1609.03499},
  year = {2016}
}

@article{orlu2011fluctuating,
  title={On the fluctuating wall-shear stress in zero pressure-gradient turbulent boundary layer flows},
  author={{\"O}rl{\"u}, Ramis and Schlatter, Philipp},
  journal={Phys. Fluids},
  volume={23},
  number={2},
  pages={021704},
  year={2011},
  publisher={American Institute of Physics}
}

@article{ou2019vector,
  title={Vector-kernel convolutional neural networks},
  author={Ou, Jun and Li, Yujian},
  journal={Neurocomputing},
  volume={330},
  pages={253--258},
  year={2019},
  publisher={Elsevier}
}

@article{ouro2017hydrodynamic,
  title={Hydrodynamic loadings on a horizontal axis tidal turbine prototype},
  author={Ouro, Pablo and Harrold, Magnus and Stoesser, Thorsten and Bromley, Peter},
  journal={J. Fluids Struct.},
  volume={71},
  pages={78--95},
  year={2017},
  publisher={Elsevier}
}

@article{pan2009survey,
  title={A survey on transfer learning},
  author={Pan, S. J. and Yang, Q.},
  journal={IEEE Transactions on knowledge and data engineering},
  volume={22},
  number={10},
  pages={1345--1359},
  year={2009},
  publisher={IEEE}
}

@article{pandey2020perspective,
  author    = {Pandey, S. and Schumacher, J. and Sreenivasan, K. R.},
  title     = {A perspective on machine learning in turbulent flows},
  journal   = {J. Turbul.},
  pages     = {1--18},
  year      = {2020}
}

@article{panton2001overview,
  title={Overview of the self-sustaining mechanisms of wall turbulence},
  author={Panton, Ronald L},
  journal={Progress in Aerospace Sciences},
  volume={37},
  number={4},
  pages={341--383},
  year={2001},
  publisher={Elsevier}
}

@article{park2021toward,
  title={Toward neural-network-based large eddy simulation: application to turbulent channel flow},
  author={Park, Jonghwan and Choi, Haecheon},
  journal={J. Fluid Mech.},
  volume={914},
  year={2021},
  publisher={Cambridge University Press}
}

@article{pawar2020data,
  title={Data-driven recovery of hidden physics in reduced order modeling of fluid flows},
  author={Pawar, Suraj and Ahmed, Shady E and San, Omer and Rasheed, Adil},
  journal={Phys. Fluids},
  volume={32},
  number={3},
  pages={036602},
  year={2020},
  publisher={AIP Publishing LLC}
}

@article{pearson1901liii,
  title={On lines and planes of closest fit to systems of points in space},
  author={Pearson, Karl},
  journal={Philos. Mag.},
  volume={2},
  number={11},
  pages={559--572},
  year={1901},
  publisher={Taylor \& Francis}
}

@article{perry1982mechanism,
  title={On the mechanism of wall turbulence},
  author={Perry, AE and Chong, MS},
  journal={J. Fluid Mech.},
  volume={119},
  pages={173--217},
  year={1982},
  publisher={Cambridge University Press}
}

@article{pope1975more,
  title={A more general effective-viscosity hypothesis},
  author={Pope, SBj},
  journal={J. Fluid Mech.},
  volume={72},
  number={2},
  pages={331--340},
  year={1975},
  publisher={Cambridge University Press}
}

@article{prandtl1925bericht,
  title={Bericht {\"u}ber die Entstehung der Turbulenz},
  author={Prandtl, Ludwig},
  journal={Z. Angew. Math. Mech.},
  volume={5},
  pages={136--139},
  year={1925}
}

@article{preisendorfer1988principal,
  title={Principal component analysis in meteorology and oceanography},
  author={Preisendorfer, Rudolph W and Mobley, Curtis D},
  journal={Dev. Atmosph.},
  volume={17},
  year={1988}
}

@article{rabault2019artificial,
  title={Artificial neural networks trained through deep reinforcement learning discover control strategies for active flow control},
  author={Rabault, J. and Kuchta, M. and Jensen, A. and R{\'e}glade, U. and Cerardi, N.},
  journal={J. Fluid Mech.},
  volume={865},
  pages={281--302},
  year={2019},
  publisher={Cambridge University Press}
}

@unpublished{radford2015unsupervised,
  title={Unsupervised representation learning with deep convolutional generative adversarial networks},
  author={Radford, Alec and Metz, Luke and Chintala, Soumith},
  note={{a}rXiv preprint arXiv:1511.06434},
  year={2015}
}

@article{raibaudo2020machine,
  title={Machine learning strategies applied to the control of a fluidic pinball},
  author={Raibaudo, C. and Zhong, P. and Noack, B. R. and Martinuzzi, R. J.},
  journal={Phys. Fluids},
  volume={32},
  number={1},
  pages={015108},
  year={2020},
  publisher={AIP Publishing LLC}
}

@article{raiola2016wake,
  title={Wake of tandem cylinders near a wall},
  author={Raiola, Marco and Ianiro, Andrea and Discetti, Stefano},
  journal={Exp. Therm. Fluid Sci.},
  volume={78},
  pages={354--369},
  year={2016},
  publisher={Elsevier}
}

@article{raiola2017towards,
  title={Towards enabling time-resolved measurements of turbulent convective heat transfer maps with IR thermography and a heated thin foil},
  author={Raiola, Marco and Greco, Carlo Salvatore and Contino, Mattia and Discetti, Stefano and Ianiro, Andrea},
  journal={Int. J. Heat Mass Tran.},
  volume={108},
  pages={199--209},
  year={2017},
  publisher={Elsevier}
}

@article{raiola2021data,
  title={Data-driven identification of unsteady-aerodynamics phenomena in flapping airfoils},
  author={Raiola, Marco and Discetti, Stefano and Ianiro, Andrea},
  journal={Exp. Therm. Fluid Sci.},
  volume={124},
  pages={110234},
  year={2021},
  publisher={Elsevier}
}

@article{raissi2019deep,
  title={Deep learning of vortex-induced vibrations},
  author={Raissi, Maziar and Wang, Zhicheng and Triantafyllou, Michael S and Karniadakis, George Em},
  journal={J. Fluid Mech.},
  volume={861},
  pages={119--137},
  year={2019},
  publisher={Cambridge University Press}
}

@article{raissi2019physics,
  title={Physics-informed neural networks: A deep learning framework for solving forward and inverse problems involving nonlinear partial differential equations},
  author={Raissi, Maziar and Perdikaris, Paris and Karniadakis, George E},
  journal={J. Comput. Phys.},
  volume={378},
  pages={686--707},
  year={2019},
  publisher={Elsevier}
}

@article{raissi2020hidden,
  title={Hidden fluid mechanics: Learning velocity and pressure fields from flow visualizations},
  author={Raissi, Maziar and Yazdani, Alireza and Karniadakis, George Em},
  journal={Science},
  volume={367},
  number={6481},
  pages={1026--1030},
  year={2020},
  publisher={American Association for the Advancement of Science}
}

@article{reichardt1951vollstandige,
  title={Vollst{\"a}ndige Darstellung der turbulenten Geschwindigkeitsverteilung in glatten Leitungen},
  author={Reichardt, Hans},
  journal={Z. Angew. Math. Mech.},
  volume={31},
  number={7},
  pages={208--219},
  year={1951},
  publisher={Wiley Online Library}
}

@article{richardson1920supply,
  title={The supply of energy from and to atmospheric eddies},
  author={Richardson, Lewis Fry},
  journal={Proc. R. Soc. Lond. A},
  volume={97},
  number={686},
  pages={354--373},
  year={1920},
  publisher={The Royal Society London}
}

@article{robinson1991coherent,
  title={Coherent motions in the turbulent boundary layer},
  author={Robinson, Stephen K},
  journal={Annu. Rev. Fluid Mech.},
  volume={23},
  number={1},
  pages={601--639},
  year={1991},
  publisher={Annual Reviews 4139 El Camino Way, PO Box 10139, Palo Alto, CA 94303-0139, USA}
}

@article{rosenblatt1958perceptron,
  title={The perceptron: a probabilistic model for information storage and organization in the brain.},
  author={Rosenblatt, Frank},
  journal={Psychol. Rev.},
  volume={65},
  number={6},
  pages={386},
  year={1958},
  publisher={American Psychological Association}
}

@article{rowley2017model,
  title={Model reduction for flow analysis and control},
  author={Rowley, Clarence W and Dawson, Scott TM},
  journal={Annu. Rev. Fluid Mech.},
  volume={49},
  pages={387--417},
  year={2017},
  publisher={Annual Reviews}
}

@article{rumelhart1986learning,
  title={Learning representations by back-propagating errors},
  author={Rumelhart, David E and Hinton, Geoffrey E and Williams, Ronald J},
  journal={Nature},
  volume={323},
  number={6088},
  pages={533--536},
  year={1986},
  publisher={Nature Publishing Group}
}

@article{sanmiguel2017adverse,
  title={Adverse-pressure-gradient effects on turbulent boundary layers: statistics and flow-field organization},
  author={Sanmiguel Vila, Carlos and {\"O}rl{\"u}, Ramis and Vinuesa, Ricardo and Schlatter, Philipp and Ianiro, Andrea and Discetti, Stefano},
  journal={Flow Turbul. Combust.},
  volume={99},
  number={3},
  pages={589--612},
  year={2017},
  publisher={Springer}
}

@article{sanmiguel2018wall,
  title={Wall-based identification of coherent structures in wall-bounded turbulence},
  author={Sanmiguel Vila, C and Flores, O},
  journal={J. Phys. Conf. Ser.},
  volume={1001},
  number={1},
  pages={012007},
  year={2018}
}

@article{sasaki2019transfer,
  title={Transfer functions for flow predictions in wall-bounded turbulence},
  author={Sasaki, Kenzo and Vinuesa, Ricardo and Cavalieri, Andr{\'e} VG and Schlatter, Philipp and Henningson, Dan S},
  journal={J. Fluid Mech.},
  volume={864},
  pages={708--745},
  year={2019},
  publisher={Cambridge University Press}
}

@article{schlatter2010assessment,
  title={Assessment of direct numerical simulation data of turbulent boundary layers},
  author={Schlatter, Philipp and {\"O}rl{\"u}, Ramis},
  journal={J. Fluid Mech.},
  volume={659},
  pages={116},
  year={2010},
  publisher={Cambridge University Press}
}

@article{schrauf2005status,
  title={Status and perspectives of laminar flow},
  author={Schrauf, G},
  journal={The Aeronautical Journal},
  volume={109},
  number={1102},
  pages={639--644},
  year={2005},
  publisher={Cambridge University Press}
}

@inproceedings{shi2016real,
  title={Real-time single image and video super-resolution using an efficient sub-pixel convolutional neural network},
  author={Shi, Wenzhe and Caballero, Jose and Husz{\'a}r, Ferenc and Totz, Johannes and Aitken, Andrew P and Bishop, Rob and Rueckert, Daniel and Wang, Zehan},
  booktitle={Proc. CVPR IEEE},
  pages={1874--1883},
  year={2016}
}

@article{sillero2013one,
  title={One-point statistics for turbulent wall-bounded flows at {R}eynolds numbers up to $\delta^+\approx$ 2000},
  author={Sillero, Juan A and Jim{\'e}nez, Javier and Moser, Robert D},
  journal={Phys. Fluids},
  volume={25},
  number={10},
  pages={105102},
  year={2013},
  publisher={American Institute of Physics}
}

@article{sirovich1987turbulence,
  title={Turbulence and the dynamics of coherent structures. {I}. {C}oherent structures},
  author={Sirovich, Lawrence},
  journal={Q. Appl. Math.},
  volume={45},
  number={3},
  pages={561--571},
  year={1987}
}

@article{soummer2012detection,
  title={Detection and characterization of exoplanets and disks using projections on {K}arhunen-{L}o{\`e}ve eigenimages},
  author={Soummer, R{\'e}mi and Pueyo, Laurent and Larkin, James},
  journal={Astrophys. J. Lett.},
  volume={755},
  number={2},
  pages={L28},
  year={2012},
  publisher={IOP Publishing}
}

@article{srinivasan2019predictions,
  title={Predictions of turbulent shear flows using deep neural networks},
  author={Srinivasan, PA and Guastoni, L and Azizpour, Hossein and Schlatter, PHILIPP and Vinuesa, Ricardo},
  journal={Phys. Rev. Fluids},
  volume={4},
  number={5},
  pages={054603},
  year={2019},
  publisher={APS}
}

@article{suzuki2017estimation,
  title={Estimation of turbulent channel flow at  ${R}e_{\tau}= 100$ based on the wall measurement using a simple sequential approach},
  author={Suzuki, Takao and Hasegawa, Yosuke},
  journal={J. Fluid Mech.},
  volume={830},
  pages={760--796},
  year={2017},
  publisher={Cambridge University Press}
}

@article{tanarro2020effect,
  title={Effect of adverse pressure gradients on turbulent wing boundary layers},
  author={Tanarro, {\'A} and Vinuesa, Ricardo and Schlatter, Philipp},
  journal={J. Fluid Mech.},
  volume={883},
  year={2020},
  publisher={Cambridge University Press}
}

@article{tang2020robust,
  author = {Tang,Hongwei  and Rabault,Jean  and Kuhnle,Alexander  and Wang,Yan  and Wang,Tongguang },
  title = {Robust active flow control over a range of Reynolds numbers using an artificial neural network trained through deep reinforcement learning},
  journal = {Phys. Fluids},
  volume = {32},
  number = {5},
  pages = {053605},
  year = {2020}
}

@inproceedings{theodorsen1952mechanisms,
  title={Mechanisms of turbulence},
  author={Theodorsen, Theodore},
  booktitle={Proc. 2nd Midwestern Conf. of Fluid Mechanics},
  year={1952}
}

@article{thuerey2020deep,
  title={Deep learning methods for {R}eynolds-averaged {N}avier--{S}tokes simulations of airfoil flows},
  author={Thuerey, Nils and Wei{\ss}enow, Konstantin and Prantl, Lukas and Hu, Xiangyu},
  journal={AIAA J.},
  volume={58},
  number={1},
  pages={25--36},
  year={2020},
  publisher={American Institute of Aeronautics and Astronautics}
}

@article{tinney2006spectral,
  title={On spectral linear stochastic estimation},
  author={Tinney, CE and Coiffet, F and Delville, J and Hall, AM and Jordan, P and Glauser, Mark N},
  journal={Exp. Fluids},
  volume={41},
  number={5},
  pages={763--775},
  year={2006},
  publisher={Springer}
}

@article{tinney2008low,
  title={Low-dimensional characteristics of a transonic jet. {P}art 2. {E}stimate and far-field prediction},
  author={Tinney, Charles E and Ukeiley, LS and Glauser, Mark N},
  journal={J. Fluid Mech.},
  volume={615},
  pages={53--92},
  year={2008},
  publisher={Cambridge University Press}
}

@article{tomkins2003spanwise,
  title={Spanwise structure and scale growth in turbulent boundary layers},
  author={Tomkins, Christopher D and Adrian, Ronald J},
  journal={J. Fluid Mech.},
  volume={490},
  pages={37--74},
  year={2003},
  publisher={Cambridge University Press}
}

@book{townsend1976structure,
  title={The structure of turbulent shear flow},
  author={Townsend, AA},
  publisher={Cambridge University Press},
  year={1976}
}

@article{troshin2018modeling,
  title={Modeling of a pitching and plunging airfoil using experimental flow field and load measurements},
  author={Troshin, Victor and Seifert, Avraham},
  journal={Exp. Fluids},
  volume={59},
  number={1},
  pages={1--14},
  year={2018},
  publisher={Springer}
}

@book{tsinober2009informal,
  title={An informal conceptual introduction to turbulence},
  author={Tsinober, Arkady},
  year={2009},
  publisher={Springer}
}

@article{udrescu2020ai,
  title={{AI} {F}eynman: A physics-inspired method for symbolic regression},
  author={Udrescu, Silviu-Marian and Tegmark, Max},
  journal={Science Advances},
  volume={6},
  number={16},
  pages={eaay2631},
  year={2020},
  publisher={American Association for the Advancement of Science}
}

@misc{unfccc2015adoption,
  title={Adoption of the {P}aris agreement},
  author={UNFCCC, V},
  note={Proposal by the President},
  year={2015}
}

@article{vila2017adverse,
  title={Adverse-pressure-gradient effects on turbulent boundary layers: statistics and flow-field organization},
  author={ Sanmiguel Vila, Carlos and {\"O}rl{\"u}, Ramis and Vinuesa, Ricardo and Schlatter, Philipp and Ianiro, Andrea and Discetti, Stefano},
  journal={Flow Turbul. Combust.},
  volume={99},
  number={3-4},
  pages={589--612},
  year={2017},
  publisher={Springer}
}

@article{vinuesa2018turbulent,
  title={Turbulent boundary layers around wing sections up to {$Re_c$}= 1,000,000},
  author={Vinuesa, Ricardo and Negi, Prabal Singh and Atzori, M and Hanifi, Ardeshir and Henningson, Dan S and Schlatter, Philipp},
  journal={Int. J. Heat Fluid Fl.},
  volume={72},
  pages={86--99},
  year={2018},
  publisher={Elsevier}
}

@article{vinuesa2020role,
  title={The role of artificial intelligence in achieving the Sustainable Development Goals},
  author={Vinuesa, Ricardo and Azizpour, Hossein and Leite, Iolanda and Balaam, Madeline and Dignum, Virginia and Domisch, Sami and Fell{\"a}nder, Anna and Langhans, Simone Daniela and Tegmark, Max and Nerini, Francesco Fuso},
  journal={Nat. Commun.},
  volume={11},
  number={1},
  pages={1--10},
  year={2020},
  publisher={Nature Publishing Group}
}

@article{von1930mechanische,
  title={Mechanische ahnlichkeit und turbulenz},
  author={Von K{\'a}rm{\'a}n, Th},
  journal={Math. Phys. Klasse},
  year={1930}
}

@article{waldmann2019mapping,
  title={Mapping {S}aturn using deep learning},
  author={Waldmann, Ingo P and Griffith, Caitlin A},
  journal={Nat. Astron.},
  volume={3},
  number={7},
  pages={620--625},
  year={2019},
  publisher={Nature Publishing Group}
}

@article{waleffe1995hydrodynamic,
  title={Hydrodynamic Stability and Turbulence: Beyond Transients to a Self-Sustaining Process},
  author={Waleffe, Fabian},
  journal={Stud. Appl. Math.},
  volume={95},
  number={3},
  pages={319--343},
  year={1995},
  publisher={Wiley Online Library}
}

@article{wang2017physics,
  title={{Physics-informed machine learning approach for reconstructing Reynolds stress modeling discrepancies based on DNS data}},
  author={Wang, J. X. and Wu, J. L. and Xiao, H.},
  journal={Phys. Rev. Fluids},
  volume={2},
  number={3},
  pages={034603},
  year={2017},
  publisher={APS}
}

@inproceedings{wang2018esrgan,
  title={Esrgan: Enhanced super-resolution generative adversarial networks},
  author={Wang, Xintao and Yu, Ke and Wu, Shixiang and Gu, Jinjin and Liu, Yihao and Dong, Chao and Qiao, Yu and Change Loy, Chen},
  booktitle={Proc. ECCV},
  year={2018}
}

@article{wark1991experimental,
  title={Experimental investigation of coherent structures in turbulent boundary layers},
  author={Wark, Candace Elaine and Nagib, HM},
  journal={J. Fluid Mech.},
  volume={230},
  pages={183--208},
  year={1991},
  publisher={Cambridge University Press}
}

@unpublished{wei2017equivalence,
  title={An Equivalence of Fully Connected Layer and Convolutional Layer},
  author={Wei Ma and J. Lu},
  note={{a}rXiv preprint arXiv: 1712.01252},
  year={2017}
}

@article{werhahn2019multi,
  title={A multi-pass {GAN} for fluid flow super-resolution},
  author={Werhahn, Maximilian and Xie, You and Chu, Mengyu and Thuerey, Nils},
  journal={Proc. ACM on Computer Graphics and Interactive Techniques},
  volume={2},
  number={2},
  pages={1--21},
  year={2019},
  publisher={ACM New York, NY, USA}
}

@article{wu2010transitional,
  title={Transitional and turbulent boundary layer with heat transfer},
  author={Wu, Xiaohua and Moin, Parviz},
  journal={Phys. Fluids},
  volume={22},
  number={8},
  pages={085105},
  year={2010},
  publisher={American Institute of Physics}
}

@article{wu2014study,
  title={A study of energetic large-scale structures in turbulent boundary layer},
  author={Wu, Yanhua},
  journal={Phys. Fluids},
  volume={26},
  number={4},
  pages={045113},
  year={2014},
  publisher={AIP}
}

@article{wu2017priori,
  title={A priori assessment of prediction confidence for data-driven turbulence modeling},
  author={Wu, Jin-Long and Wang, Jian-Xun and Xiao, Heng and Ling, Julia},
  journal={Flow Turbul. Combust.},
  volume={99},
  number={1},
  pages={25--46},
  year={2017},
  publisher={Springer}
}

@article{wu2018physics,
  title={Physics-informed machine learning approach for augmenting turbulence models: A comprehensive framework},
  author={Wu, Jin-Long and Xiao, Heng and Paterson, Eric},
  journal={Phys. Rev. Fluids},
  volume={3},
  number={7},
  pages={074602},
  year={2018},
  publisher={APS}
}

@article{xie2018tempogan,
  title={tempo{GAN}: A temporally coherent, volumetric {GAN} for super-resolution fluid flow},
  author={Xie, You and Franz, Erik and Chu, Mengyu and Thuerey, Nils},
  journal={ACM T. Graphic.},
  volume={37},
  number={4},
  pages={1--15},
  year={2018},
  publisher={ACM New York, NY, USA}
}

@article{yao2020forward,
  title={Forward flight and sideslip manoeuvre of a model hawkmoth},
  author={Yao, Jie and Yeo, KS},
  journal={J. Fluid Mech.},
  volume={896},
  year={2020},
  publisher={Cambridge University Press}
}

@article{yu2012studying,
  title={Studying Lagrangian dynamics of turbulence using on-demand fluid particle tracking in a public turbulence database},
  author={Yu, Huidan and Kanov, Kalin and Perlman, Eric and Graham, Jason and Frederix, Edo and Burns, Randal and Szalay, Alexander and Eyink, Gregory and Meneveau, Charles},
  journal={J. Turbul.},
  volume={13},
  pages={N12},
  year={2012},
  publisher={Taylor \& Francis}
}

@article{zeleznik2021deep,
  title={Deep convolutional neural networks to predict cardiovascular risk from computed tomography},
  author={Zeleznik, Roman and Foldyna, Borek and Eslami, Parastou and Weiss, Jakob and Alexander, Ivanov and Taron, Jana and Parmar, Chintan and Alvi, Raza M and Banerji, Dahlia and Uno, Mio and others},
  journal={Nat. Commun.},
  volume={12},
  number={1},
  pages={1--9},
  year={2021},
  publisher={Nature Publishing Group}
}

@inproceedings{zhu2017unpaired,
  title={Unpaired image-to-image translation using cycle-consistent adversarial networks},
  author={Zhu, Jun-Yan and Park, Taesung and Isola, Phillip and Efros, Alexei A},
  booktitle={Proc. ICCV IEEE},
  pages={2223--2232},
  year={2017}
}
